<?xml version="1.0" encoding="UTF-8"?><record xmlns="http://www.loc.gov/MARC21/slim" xmlns:cinclude="http://apache.org/cocoon/include/1.0" xmlns:zs="http://www.loc.gov/zing/srw/">
  <leader>00393nz  a2200121n  4500</leader>
  <controlfield tag="001">nr2001052811</controlfield>
  <controlfield tag="003">DLC</controlfield>
  <controlfield tag="005">20020103033159.0</controlfield>
  <controlfield tag="008">011220n| acannaabn          |n aaa     c</controlfield>
  <datafield tag="010" ind1=" " ind2=" ">
    <subfield code="a">nr2001052811</subfield>
  </datafield>
  <datafield tag="040" ind1=" " ind2=" ">
    <subfield code="a">MWA</subfield>
    <subfield code="b">eng</subfield>
    <subfield code="c">MWA</subfield>
  </datafield>
  <datafield tag="100" ind1="1" ind2="0">
    <subfield code="a">Morgan, Edward A.</subfield>
  </datafield>
  <datafield tag="670" ind1=" " ind2=" ">
    <subfield code="a">His The practical book of composition, 1847:</subfield>
    <subfield code="b">wrapper (Edward A. Morgan, principal of the English Department, Mt. Vernon School, N.Y.)</subfield>
  </datafield>
</record>